@misc{ck,
  title = {ck tool},
  howpublished = {\url{https://github.com/mauricioaniche/ck}}
}

